@article{boville2003heating,
    title={Heating and kinetic energy dissipation in the NCAR Community Atmosphere Model},
    author={Boville, Byron A and Bretherton, Christopher S},
    journal={Journal of climate},
    volume={16},
    number={23},
    pages={3877--3887},
    year={2003}
}


