
@article{betts1973non,
  title={Non-precipitating cumulus convection and its parameterization},
  author={Betts, AKt},
  journal={Quart. J. Roy. Meteor. Soc},
  volume={99},
  number={419},
  pages={178--196},
  year={1973}
}

@article{grenier2001moist,
  title={A moist PBL parameterization for large-scale models and its application to subtropical cloud-topped marine boundary layers},
  author={Grenier, Herv{\'e} and Bretherton, Christopher S},
  journal={Monthly weather review},
  volume={129},
  number={3},
  pages={357--377},
  year={2001}
}

@article{khairoutdinov2003cloud,
  title={Cloud resolving modeling of the ARM summer 1997 IOP: Model formulation, results, uncertainties, and sensitivities},
  author={Khairoutdinov, Marat F and Randall, David A},
  journal={Journal of the Atmospheric Sciences},
  volume={60},
  number={4},
  pages={607--625},
  year={2003}
}
