@article{chapin2010vector,
  title={An introduction to vector analysis},
  author={Chapin S},
  year={2010}
}

@article{kundu2008fluid,
  title={Fluid mechanics. 2004},
  author={Kundu, PK and Cohen, IM},
  journal={Elsevier Academic Press, San Diego). Two-and three-dimensional self-sustained flow oscillations},
  volume={307},
  pages={471--476},
  year={2008}
}
